1560 2917
90 139 165 205 34
423 134 1172 182 AVRELIAEVRB1S

93 227 279 288 vrbem
307 247 432 284 cum
460 229 688 282 exercitu
706 224 1002 305 ingreditur
1019 268 1032 281 .
1057 227 1132 281 At
1165 223 1336 280 hostes
1358 222 1450 303 qui

95 306 369 365 collocatis
390 303 587 379 infidijs
607 311 919 384 opportunis
950 324 1104 383 atque
1130 302 1350 358 occultis
1396 307 1453 358 in

90 386 219 444 vrbe
259 386 390 443 locis
423 390 741 442 Francorum
771 384 1063 440 aduentum
1088 380 1452 459 expectabant,

96 488 157 522 ex
173 465 423 524 omnibus
439 463 669 543 partibus
687 462 855 519 subito
875 463 970 518 sese
986 464 1456 524 ostenderunt,no-·

94 545 434 624 uiffiinosque
462 564 695 622 premere
720 549 774 599 δε
795 548 993 621 primos
1014 540 1279 619 repellere,
1297 541 1455 619 atque

93 623 420 704 iniquiffimo
456 624 642 680 nostris
681 622 804 678 loco
839 620 1074 699 praeliurn
1116 627 1455 676 committere

79 723 372 782 'coeperunt
390 745 401 758 .
424 703 524 759 Sed
545 701 759 758 tandem
779 722 974 779 magna
997 701 1208 756 suorum
1237 703 1457 766 iactura,

97 789 154 841 in
189 803 361 840 arcem
389 780 645 859 compulsl
663 780 784 838 vrbe
810 778 1191 836 excluduntur.
1219 781 1458 836 Alenco-

101 866 221 919 nius
236 882 448 940 captum
473 861 654 918 frustra}
682 859 944 938 oppidum
976 878 1114 915 ratus
1143 879 1255 915 arce
1283 864 1337 917 in
1361 859 1460 915 ho-

100 943 254 999 stium
276 943 530 1020 potestate
552 937 914 1008 retenta5csim
932 961 1103 1016 neque
1118 938 1459 1016 pollicitatio-

104 1020 258 1078 nibus
276 1066 291 1090 ,
322 1043 494 1099 neque
522 1019 936 1076 denunciatione
960 1023 1171 1094 periculi
1200 1016 1459 1091 praesidia«

104 1107 209 1157 rios
227 1121 535 1178 permonere
557 1099 736 1176 posset,
755 1119 927 1155 arcem
942 1096 1079 1154 binis
1103 1097 1272 1153 castris
1289 1098 1458 1152 circsi-

109 1178 525 1259 dedit‚vn‹')que
540 1199 779 1256 tempore
801 1175 1079 1234 obsidione
1108 1197 1262 1256 atque
1289 1196 1464 1252 oppu-

106 1265 362 1338 gnatione
384 1280 618 1337 premere
642 1260 819 1334 coepit.
861 1259 1052 1313 Hostes
1069 1255 1326 1312 celeritate
1343 1260 1376 1311 F
1384 1259 1463 1311 .τὲ-

108 1359 292 1396 corum
310 1341 560 1415 permoti,
582 1335 972 1414 miserrimoque
989 1333 1336 1414 Gergenfium
1357 1356 1466 1390 me-

113 1425 280 1475 moria
299 1418 482 1475 soliciti
509 1465 523 1486 ,
544 1415 665 1473 cum
692 1437 788 1473 nec
812 1417 859 1471 se
876 1414 1070 1472 viribus
1092 1435 1234 1491 pares
1251 1457 1263 1475 ‚
1282 1434 1378 1469 nec
1396 1412 1467 1469 ad

109 1495 441 1553 obsidionem
459 1496 731 1552 ferendam
751 1496 1026 1551 instrudffls
1041 1493 1303 1561 viderent,
1321 1494 1467 1570 super

111 1577 223 1633 haec
246 1576 272 1632 a
296 1575 495 1633 ciuibus
522 1574 829 1633 crudelitate
857 1595 1040 1630 eorum
1071 1570 1279 1629 offenfis
1318 1577 1467 1631 veriti

112 1677 182 1712 ne
216 1656 599 1719 desererentur,
627 1660 872 1712 omnium
908 1651 1159 1709 consensu
1195 1657 1463 1709 Dioecetes

115 1734 496 1792 Eburionicum
517 1741 684 1812 prima
699 1734 875 1812 vigilia
891 1732 956 1789 de
975 1753 1126 1788 muro
1143 1752 1264 1788 cum
1283 1730 1468 1809 vigilijs

117 1811 521 1892 custodibusque
549 1820 866 1869 Francorum
896 1811 1247 1889 colloquitur:
1275 1811 1406 1868 velle
1428 1808 1469 1867 fi

114 1892 210 1951 fibi
239 1892 327 1950 fiat
354 1896 573 1970 potestas
590 1899 844 1950 loannam
862 1895 1151 1948 conuenire
1172 1934 1180 1944 .
1199 1894 1350 1948 Fac'ta
1365 1911 1466 1968 po-

116 1975 296 2029 testate
323 1995 384 2028 ex
403 1993 515 2028 arce
553 1978 803 2035 mittitur,
822 1990 979 2050 atque
1001 1969 1067 2028 ad
1089 1976 1346 2027 Ioannam
1376 1968 1471 2027 de·
1501 2017 1504 2021 .

117 2053 309 2109 ductus
337 2073 420 2108 eas
448 2052 666 2108 tandem
700 2052 987 2108 deditionis
1018 2049 1472 2107 conditionesiin-

116 2138 340 2209 petrauit
356 2177 375 2201 ‚
391 2152 442 2188 vt
466 2130 902 2188 liceretomnibus
924 2150 1031 2186 tam
1063 2128 1277 2207 Anglici
1304 2125 1468 2209 quzim

116 2216 348 2268 francici
366 2216 569 2290 generis
590 2210 762 2266 solutis
780 2229 1009 2277 metu,ac
1027 2206 1133 2264 sine
1147 2208 1331 2266 fraude
1353 2228 1471 2265 arce

119 2288 643 2347 excederezmilitares
660 2310 840 2368 eqnm,
858 2309 1023 2356 arma,
1039 2288 1278 2354 sarcinaS,
1296 2286 1468 2347 modo

118 2391 190 2425 eae
204 2369 389 2449 librum
407 2372 611 2446 argenti
629 2390 736 2424 non
752 2367 1209 2432 excederent,seci‘1
1223 2365 1465 2424 educere:

116 2453 180 2518 ijs
203 2455 360 2506 etiam
390 2452 551 2526 pactis
578 2448 914 2507 iureiurando
942 2446 1359 2514 adaffi‚seintra
1375 2445 1471 2502 de-

115 2548 234 2585 cern
260 2527 369 2586 dies
397 2528 640 2586 aduersus
672 2530 898 2585 Francos
930 2547 1075 2584 arma
1113 2547 1231 2583 -non
1255 2524 1467 2583 laturos·
