1560 2917
102 129 195 169 102
452 126 1170 169 AVRELrAEvRBIS

106 220 155 272 ci
173 216 368 292 vigoris
389 258 407 282 ,
420 233 478 270 ac
494 212 739 292 benignae
758 211 1030 291 probitatis
1047 213 1204 270 ineffe
1220 210 1470 293 praedica·

105 314 272 353 tetur.
300 291 691 351 Bedfordienfis
706 291 795 350 vbi
811 314 989 373 regem
1007 294 1074 351 ad
1101 298 1468 371 Dampmai·ti-.

109 394 241 430 num
265 371 546 430 constitisse
571 371 858 441 intellexit,
901 382 1078 449 copias
1111 377 1314 431 Lutetia
1343 394 1468 450 pro-

111 451 262 517 duxit
279 497 297 521 ‚
314 471 370 509 vt
392 471 481 509 aut
503 472 627 511 cum
658 456 810 531 Rege
836 453 1148 528 confligeret
1166 499 1180 520 ,
1198 473 1285 510 aut
1312 449 1469 531 fiipse

115 551 295 610 aperto
311 552 501 609 campo
529 534 576 587 se
602 537 938 592 committere
965 531 1045 591 vel
1074 531 1327 589 dimicare
1355 554 1472 588 non
1501 561 1505 565 ·

117 610 363 675 auderet,
380 610 542 674 veluti
558 616 726 668 vltstor
741 654 754 674 ,
773 612 995 690 exprelsa
1011 611 1244 673 hostibus
1261 617 1475 691 ignauia

116 690 656 770 reuertereturtquod
686 691 750 747 ad
780 690 1004 769 populos
1031 696 1082 747 in
1100 690 1280 748 officio
1296 695 1474 748 conti·-

120 770 332 828 nendos
348 769 634 848 plurimum
659 772 963 831 conducere
985 769 1285 829 iudicabat.
1304 773 1486 835 Caro?

120 848 198 907 lus
221 848 287 907 de
302 871 365 905 eo
381 855 570 907 certior
586 852 752 908 faesus
770 896 784 918 ,
803 872 914 907 non
931 849 1295 908 cunctandum
1312 850 1479 907 existi-

124 935 290 988 mauit
314 934 443 1009 quin
475 951 654 1008 pugna
682 929 968 988 decertaret
998 953 1011 985 ε
1040 935 1295 1011 quoniam
1326 936 1479 1008 quic-

121 1010 254 1087 quid
284 1031 438 1065 nouae
465 1012 862 1073 existiinjitionis
891 1008 1143 1066 audendo
1170 1007 1327 1088 paulo
1359 1007 1481 1065 ante

122 1086 680 1166 collegiflet,concepti
708 1092 910 1146 timoris
929 1087 1193 1152 dedecore
1208 1087 1480 1145 amissurus

123 1164 223 1223 effe
241 1168 541 1226 videbatur.
571 1173 690 1226 Hac
707 1190 759 1226 re
782 1168 848 1226 ad
873 1168 1161 1226 concilium
1196 1167 1365 1226 delata
1380 1213 1398 1237 ,
1420 1189 1484 1225 v·-

126 1245 178 1303 bi
197 1269 384 1304 omnes
401 1247 543 1305 idem
569 1249 753 1306 sentire
781 1247 1033 1305 intellexit
1054 1294 1067 1317 ,
1086 1255 1208 1328 quia
1229 1247 1485 1304 consede-

125 1346 245 1385 tant
261 1327 432 1383 hostes
455 1327 522 1389 ad
553 1332 830 1384 Mienium
860 1349 1059 1406 pagum
1087 1326 1230 1384 haud
1270 1326 1434 1406 longe
1454 1327 1484 1384 ὲ

129 1406 229 1463 suls
264 1408 438 1465 castris
466 1450 481 1471 ‚
507 1409 771 1486 posterum
803 1406 946 1464 diem
975 1428 1166 1486 pugnae
1193 1407 1485 1464 constituit.

130 1488 308 1544 Prima
331 1485 446 1543 luce
479 1492 587 1542 acie
621 1488 894 1549 instructa,
927 1487 1056 1565 quid
1087 1488 1255 1543 hostes
1284 1483 1484 1562 consilij

131 1585 377 1641 caperent
394 1564 722 1644 expedtabat.
744 1564 851 1621 Vbi
877 1586 967 1622 eos
993 1567 1164 1623 castris
1188 1566 1284 1623 sese
1310 1585 1489 1632 tenere

130 1665 218 1703 rex
234 1645 666 1726 intellexit,atque
683 1645 745 1702 ab
768 1644 1119 1723 expertissimo
1134 1667 1350 1725 quoque
1364 1666 1489 1722 pro-

134 1745 315 1781 cerum
373 1725 864 1805 oppugnandorum
893 1727 1178 1800 castrorum
1205 1723 1489 1785 confilium

131 1803 537 1879 improbaretur,
550 1827 643 1880 pro
668 1806 840 1861 castris
870 1807 980 1861 suas
1008 1809 1184 1882 copias
1217 1803 1488 1883 produxit,

137 1904 191 1939 vt
210 1883 243 1939 fi
267 1883 420 1940 vellet
447 1883 836 1941 Bedfordienfis
864 1883 1039 1964 praelio
1057 1883 1416 1951 contendere,
1442 1889 1492 1950 ei

132 1966 357 2042 potestas
385 1986 495 2020 non
527 1963 735 2025 deesset.
764 1962 868 2022 Vbi
884 1986 951 2021 ne
973 1984 1087 2021 tum
1116 1962 1335 2042 quidem
1365 1984 1492 2023 eum

134 2042 350 2121 prodire
382 2042 669 2110 intellexit,
700 2043 956 2124 quosdam
979 2042 1188 2100 leuioris
1216 2062 1490 2100 armatutae

136 2128 335 2202 equites
354 2121 489 2179 unfit
504 2145 593 2202 qui
618 2145 738 2180 eum
757 2124 823 2179 ad
846 2145 1080 2202 pugnam
1099 2121 1362 2179 elicerent.
1383 2126 1489 2179 Eos

141 2201 307 2280 Angli
335 2221 650 2280 exceperunt
673 2208 888 2259 :acriter
908 2202 971 2257 ab
991 2203 1217 2281 Vtrisque
1239 2202 1397 2280 vsque
1420 2201 1491 2258 ad

136 2284 406 2357 vesperum
433 2301 728 2360 pugnatum
752 2283 822 2339 est
849 2304 864 2337 ε
893 2280 1010 2338 solis
1034 2279 1219 2337 occasu
1245 2287 1492 2359 vtrinque

138 2366 303 2438 copiae
330 2369 382 2417 in
413 2362 571 2420 castra
587 2362 841 2418 reduCtae.
861 2360 1084 2440 Aliquot
1104 2360 1351 2438 deinceps
1376 2361 1492 2418 die-

138 2437 237 2496 bus
254 2439 477 2510 Carolus
512 2446 797 2498 exercitum
824 2446 880 2497 in
911 2446 1074 2496 aciem
1099 2461 1306 2518 aequum
1337 2445 1389 2496 in
1408 2438 1493 2496 lo-

138 2538 263 2575 cum
283 2519 530 2594 produxit
546 2567 563 2589 ,
581 2520 614 2576 si
636 2517 1026 2577 Bedfordienfis
1055 2520 1231 2596 praelio
1252 2519 1492 2576 decerta-

136 2618 192 2667 te
208 2598 362 2665 vellet
376 2645 396 2677 2
410 2618 466 2660 vt
482 2599 618 2684 pent}
645 2601 816 2670 castris
831 2599 1219 2669 Bedfotdienfis
1234 2600 1488 2661 cohortes

1319 2675 1487 2760 subfig
