1560 2917
252 147 562 188 MEMon.
608 140 1210 186 ABANG.013511>.
1360 143 1446 200 103

97 237 393 296 subiiceret:
430 236 743 317 tantumque
767 236 795 294 ὲ
817 233 954 292 vallo
979 239 1086 292 eius
1117 237 1284 312 prima
1312 231 1446 285 acies

100 318 296 382 aberat,
312 323 384 374 vti
404 339 469 375 ne
486 321 538 374 in
557 339 675 375 eum
694 316 798 373 telo
816 314 1154 387 tormentoue
1171 309 1310 387 adigi
1330 309 1446 386 pos-

99 397 171 454 set
190 441 201 454 .
237 394 627 453 Bedtordienfis
655 415 830 452 autem
859 413 914 451 vt
935 395 1128 450 famam
1160 393 1448 465 &opinio-

101 496 228 533 nem
258 476 539 532 hominum
570 492 800 538 teneret,
826 471 894 531 fic
925 494 1020 550 pro
1053 472 1223 527 castris
1251 469 1444 523 exerci-

103 571 220 611 tum
237 553 584 611 constituebat
604 599 618 622 ‚
636 574 692 611 vt
709 559 855 611 tertia
874 559 1004 609 acies
1020 549 1212 614 vallum
1237 550 1448 602 contin·

100 651 278 710 geret,
305 632 582 713 omnisque
613 638 720 690 eius
747 634 1025 690 instruerus
1054 646 1305 685 exercitus
1335 622 1449 679 telis

97 733 161 768 ex
178 710 312 768 vallo
328 712 544 770 obieffls
562 717 764 792 protegi
794 711 957 789 poffet
975 734 985 766 :
1004 699 1447 787 va1·=isqueludifi-

96 790 396 848 cationibus
416 792 662 850 frustrans
682 837 697 860 ,
716 811 921 868 ternpus
943 796 1137 846 terebat
1154 832 1169 854 ,
1187 806 1340 868 atque
1356 803 1448 860 ap·-

96 868 311 948 parebat
329 871 703 929 cun&and01d
733 875 955 949 quaerere
970 915 987 937 ,
1004 888 1059 924 vr
1073 866 1339 923 conserues(
1352 884 1446 917 en-

97 967 151 1005 te
162 947 304 1006 bello
324 998 338 1019 ,
355 956 577 1028 impetus
595 955 912 1009 Francorum
941 947 1294 1026 languesceret
1313 986 1324 999 .
1350 944 1450 999 Per

94 1028 241 1086 hunc
264 1029 489 1087 modum
507 1028 706 1088 leuibus
722 1028 1008 1087 commissis
1036 1027 1212 1105 praelijs
1228 1043 1449 1103 promo-

95 1112 162 1164 tis
189 1109 358 1166 castris
391 1154 406 1178 ,
436 1113 695 1166 Lutetiam
738 1115 912 1188 copias
945 1107 1182 1164 reduxit.
1224 1100 1446 1160 Carolus

97 1192 296 1244 interea
328 1187 590 1268 plerasque
620 1194 841 1245 Franclae
867 1186 1015 1244 vrbes
1045 1192 1095 1244 in
1123 1187 1261 1242 suam
1288 1181 1448 1238 ditio·-

95 1286 223 1324 nem
246 1274 460 1344 reeipit.
508 1267 772 1324 Caeterum
803 1290 913 1324 non
946 1269 1046 1344 ipse
1072 1264 1240 1322 modo
1264 1259 1446 1319 obibat

97 1344 249 1411 vrbes
267 1352 466 1424 imperij
482 1352 665 1424 iugum
685 1346 751 1403 ad
768 1348 868 1402 huc
887 1348 1173 1404 recusanres
1192 1387 1203 1403 ,
1221 1341 1302 1399 sed
1321 1363 1449 1419 prae-

95 1424 222 1481 festi
246 1446 460 1504 quoque
486 1425 641 1502 ipsius
664 1433 855 1505 egregij
890 1425 1050 1482 duces
1080 1423 1342 1503 plerasque
1371 1427 1449 1478 in·
1502 1458 1505 1461 >

94 1506 422 1562 inuaserant:
463 1507 681 1562 Nothus
709 1516 851 1563 enim
900 1504 1141 1562 Aurelius
1167 1506 1447 1579 Compen-

97 1582 248 1641 dium
267 1592 322 1641 in
338 1583 670 1642 deditionem
691 1583 1296 1664 redegerattssellouacos
1314 1603 1449 1660 quo-

96 1685 201 1742 que
232 1662 529 1741 Anglorum
567 1670 883 1742 praecipuum
920 1662 1339 1743 receptaculum,
1373 1666 1445 1718 ci·-

97 1741 251 1800 uibus
277 1742 412 1800 vitro
432 1743 742 1801 vocantibus
764 1746 1004 1801 statuerat
1030 1763 1288 1819 occupare
1305 1785 1316 1796 .
1343 1739 1449 1798 sed

98 1825 286 1880 Petrus
308 1825 1215 1903 Cauchonusepiscopus(qu5quam
1238 1829 1278 1878 is
1298 1822 1449 1878 Rhe-

95 1922 214 1960 mus
231 1903 379 1978 effer)
403 1902 793 1982 comprehensis
814 1909 903 1981 qui
925 1924 1002 1960 res
1024 1902 1088 1958 ad
1110 1908 1330 1958 Francos
1347 1921 1452 1957 tra-

95 1981 296 2039 hebant
313 2026 327 2050 ‚
352 1982 530 2039 vrbem
548 1989 604 2040 in
627 1981 854 2060 partibus
875 1981 1176 2061 Auglorurn
1195 2001 1315 2037 cum
1336 2003 1453 2036 mo-

97 2060 223 2117 dico
240 2059 475 2139 praefidio
493 2061 721 2119 militum
748 2067 965 2118 retinuit
985 2108 994 2117 .
1018 2061 1250 2118 Praefeffl
1279 2064 1448 2117 Caro-

94 2138 133 2197 li
160 2147 213 2197 in
242 2140 521 2198 obsidione
554 2139 692 2200 vrbis
727 2139 1119 2221 perseuerabant
1147 2184 1156 2199 ,
1188 2162 1298 2196 non
1339 2158 1450 2198 ram

96 2221 195 2278 suis
242 2219 436 2278 viribus
470 2265 488 2289 ‚
533 2220 693 2300 quirin
742 2223 972 2298 ipsorum
1013 2226 1103 2301 qui
1137 2217 1455 2277 obsideban-

95 2318 181 2357 tur
196 2299 478 2363 voluntate.
507 2305 626 2358 Nec
642 2300 823 2357 fefellit
837 2305 1023 2378 opinio
1041 2324 1053 2357 z
1072 2321 1303 2379 namque
1319 2307 1454 2356 inter

101 2380 459 2437 Cauchonum
486 2386 541 2439 ὃ(
561 2382 832 2457 Ρτεεῐσόὶοε
859 2379 1160 2457 Anglorum
1182 2400 1296 2437 orta
1319 2379 1452 2436 sedi-

99 2463 178 2516 tio
208 2504 223 2529 ,
244 2460 573 2538 irrumpendi
602 2465 656 2517 in
688 2457 870 2517 vrbem
902 2458 1233 2516 occasionem
1270 2458 1450 2515 dedit.-

101 2538 330 2618 ci'unque
362 2557 512 2617 porta
560 2539 768 2596 effraeka
795 2539 986 2595 cohors
1022 2544 1339 2595 Francorum
1368 2542 1452 2594 in·-

105 2618 557 2703 ttaffet,oppidaui
584 2617 715 2682 olim
737 2614 954 2682 consilio
982 2617 1269 2680 deditionis
1290 2623 1454 2700 agita·

1108 2703 1158 2757 G
1180 2702 1251 2783 lii)
