1560 2917
234 133 531 175 MEMOR.
583 132 674 172 AB
720 115 894 173 Aac.
942 132 1191 171 onsrn.
1345 135 1402 193 93

55 220 335 279 furfuracei
362 228 510 300 panis
539 241 597 277 ac
619 218 752 277 fabae
778 220 866 276 vsu
888 216 1267 276 tabescentibus
1299 263 1313 284 ,
1344 237 1405 273 ac

59 300 257 358 morbis
281 298 501 358 subinde
528 321 617 378 per
647 320 867 377 corpora
902 299 1183 354 hominum
1223 296 1407 375 vulga-

60 383 122 434 tis
138 423 156 446 ,
181 386 418 459 magna(
440 378 499 436 id
521 377 669 458 quod
690 377 887 436 neceffe
908 396 1014 434 erat
1030 376 1301 447 accidere)
1325 398 1425 432 to-,

61 464 163 514 tius
178 466 426 515 exercitus
459 457 782 537 perturbatio
805 459 941 513 fasta
960 458 1030 512 est
1046 498 1059 511 .
1092 454 1199 511 Hic
1216 476 1301 510 rex
1331 455 1408 512 fa-

58 542 250 614 tigatus
279 539 519 594 statuerat
545 536 710 593 soluta
750 533 1028 591 obsidione
1048 535 1290 591 Rhemos
1321 557 1408 612 pe-

61 633 195 671 tere:
222 636 345 671 narn
371 622 506 672 circa
538 635 717 673 muros
743 621 894 671 vnius
915 613 1052 669 vrbis
1080 614 1270 669 haerere
1289 658 1302 678 ,
1327 632 1409 669 tot

61 699 408 751 maximarum
427 715 596 752 rerum
623 699 1020 773 opportunitate
1050 691 1253 747 dimiffa
1270 734 1285 755 ,
1310 697 1411 748 mi·-

59 775 208 828 nime
223 773 348 833 vtile
369 773 709 834 arbitrabatur
726 817 738 830 .
763 771 1024 830 Caeteriirn
1042 790 1148 827 tam
1176 770 1412 828 discede-

60 872 114 906 re
129 853 523 932 irritumzquam
552 857 742 910 morari
767 851 999 931 pudebat
1017 896 1032 917 ,
1049 853 1246 906 famam
1273 872 1412 929 quo.-

60 951 162 1009 que
192 937 440 1000 Ioannae,
468 954 569 1011 qua
597 930 742 1009 plura
768 936 926 1011 quam
958 934 1111 986 armis
1140 929 1410 992 effecerat,

59 1028 198 1066 ratus
221 1010 474 1069 leuiorem
503 1014 615 1068 fore
643 1010 678 1066 fi
700 1009 957 1067 Tricaffes
985 1006 1128 1083 quasi
1155 1009 1334 1065 testem
1367 1009 1413 1065 se

62 1088 204 1165 poffe
235 1095 376 1147 vinci
407 1089 684 1169 reliquisset
704 1134 717 1148 .
750 1088 969 1167 Qbus
998 1088 1065 1144 de
1093 1086 1253 1143 causis
1281 1108 1412 1144 con-

59 1168 182 1224 cilio
199 1187 521 1236 conuocat0‚
540 1169 607 1225 de
621 1172 823 1227 summa
836 1190 1010 1226 rerum
1034 1166 1314 1223 deliberare
1330 1173 1413 1223 in-

59 1252 188 1323 cipit
204 1288 216 1302 .
245 1252 405 1304 Erant
425 1250 817 1326 sententiaequae
832 1246 1140 1304 conandum
1161 1246 1413 1304 omnibus

60 1325 237 1383 modis
264 1372 280 1395 ,
312 1325 604 1405 vrbemque
639 1328 806 1384 statim
832 1324 1252 1404 oppugnandam
1291 1347 1418 1383 cen·

58 1402 252 1461 serent:
274 1405 434 1481 porro
455 1425 602 1462 erant
621 1410 710 1484 qui
738 1409 1006 1462 censerent
1030 1405 1414 1473 recedendum,

60 1503 150 1540 aut
165 1483 373 1541 vlterius
397 1485 847 1564 progrediendum
866 1529 883 1553 ‚
898 1482 1317 1562 seruandr'unque
1332 1507 1417 1540 ex-

60 1568 281 1620 ercitum
305 1609 321 1631 ‚
343 1570 398 1621 in
415 1569 560 1620 cuius
581 1563 952 1639 incolumitate
968 1562 1113 1620 saluae
1131 1570 1180 1619 ὃ(
1203 1564 1412 1620 incolu-
1496 1575 1499 1578 ’

58 1663 171 1701 mes
186 1664 264 1699 res
279 1648 601 1701 Francorum
623 1645 1025 1701 forent.10anna
1039 1663 1301 1721 vtrunque
1318 1648 1416 1700 im-

57 1720 290 1800 probans
318 1721 595 1780 confilium
631 1769 647 1792 ,
681 1736 939 1803 quantum
978 1722 1120 1779 alteri
1152 1725 1414 1780 sententiae

58 1799 251 1858 deeffet
272 1806 436 1859 animi
464 1847 482 1871 ‚
509 1800 716 1859 tantum
742 1802 885 1860 alteri
910 1803 1154 1880 superesse
1183 1801 1411 1860 dicebat:

58 1881 156 1937 hos
197 1881 495 1959 turpiffimae
532 1880 674 1962 quasi
714 1881 851 1962 fugae
889 1887 1149 1939 rationem
1190 1880 1414 1952 habere,

56 1958 176 2016 illos
207 1966 365 2017 etiarn
399 1965 585 2040 iniquo
607 1961 730 2018 loco
776 1961 1145 2022 dimicandum
1174 1981 1369 2035 putare.

60 2042 196 2117 Qa
221 2047 365 2097 enirn
385 2045 629 2119 (inquit)
651 2040 866 2109 fiducia,
884 2047 939 2098 ὅ(
957 2063 1134 2118 opere,
1155 2047 1210 2096 &
1230 2061 1415 2098 natura

58 2116 578 2177 locimunitiffimam
606 2119 785 2177 vrbem
816 2125 1101 2199 expugnari
1131 2120 1272 2197 posse
1286 2141 1414 2177 con-

59 2196 391 2257 fidimus?aut
406 2199 530 2256 vero
546 2200 676 2278 quid
692 2199 998 2278 proficimus
1023 2198 1056 2255 fi
1075 2219 1289 2277 accepto
1308 2223 1414 2257 ma·

62 2297 173 2355 gno
201 2277 524 2341 detrimento
559 2277 621 2334 ab
650 2284 1053 2357 oppugnatione
1080 2277 1217 2335 vrbis
1249 2279 1416 2337 disce-

63 2355 409 2437 dimu33quafi
422 2380 537 2416 non
554 2364 609 2414 &
626 2357 869 2416 foelicitas
886 2362 998 2415 rerfi
1017 2361 1415 2435 gestarum‚om-

65 2440 221 2493 nium
245 2435 682 2496 beneuolentiam
720 2435 928 2515 regibus
946 2481 964 2505 ,
995 2443 1051 2494 δε
1080 2458 1156 2495 res
1190 2438 1415 2495 aduersae

67 2514 194 2572 odia
235 2515 524 2574 concilient
548 2558 568 2577 .
602 2518 909 2575 Castrorum
936 2535 1114 2574 autern
1154 2525 1415 2589 mutatiO,
