1560 2917
196 108 510 171 Menon.
558 108 655 170 'AB'
698 106 1178 170 hosfium.
1342 112 1408 190 ἐς

45 218 125 271 ius
142 233 277 272 nutu
306 218 491 276 omnia
516 214 770 279 haeftenus
787 210 816 268 ὲ
831 231 918 267 me
935 217 991 268 &
1007 209 1297 289 prouisa,&
1315 209 1409 268 ad-

48 296 334 351 ministrata
372 291 490 350 sunt
512 338 530 363 ,
572 293 687 349 fore
708 289 965 370 polliceor
987 312 1001 346 2
1030 294 1175 347 cuius
1210 291 1404 367 species

47 377 183 431 mihi
199 374 434 430 dextram
450 377 766 451 porrigentis
781 415 799 440 ‚
827 369 924 426 hac
949 373 1179 426 noctein
1215 371 1408 432 somno

48 451 225 510 oblata
249 454 319 509 est
339 475 351 509 ε
380 451 469 508 illo
486 451 622 508 duce
638 493 652 513 ,
669 449 762 518 illo
777 454 1039 527 aperiente
1054 453 1110 504 in
1124 447 1308 506 vrbem
1324 459 1407 506 in-

48 551 180 588 trare
196 535 296 588 visa
311 534 578 589 sum.Haec
593 532 868 609 postquam
885 533 1013 584 Ioan
1023 549 1088 584 na
1101 526 1250 585 vultu
1269 527 1414 585 fidu-

48 617 139 667 ciae
154 609 313 688 pleno
331 615 595 689 perorauit
609 655 628 679 ,
654 630 818 666 nemo
835 607 943 664 fere
957 608 1088 664 visus
1105 608 1176 663 est
1202 612 1225 678 (
1239 629 1414 685 quan-

47 710 209 767 quam
227 712 341 747 non
375 689 567 748 dubius
593 686 935 769 quorundam
951 691 1141 743 animis
1162 685 1411 744 insideret

48 773 245 843 metus)
269 776 359 849 qui
382 792 495 827 non
519 769 752 826 alacriter
767 776 820 824 in
837 772 946 824 eius
960 767 1272 824 sententiam
1290 773 1408 836 iret,

51 867 206 928 atque
259 851 569 912 existimaret
595 849 826 928 praestare
855 866 1047 903 omnes
1075 844 1410 904 difficultates

46 932 272 1007 perpeti,
293 928 457 1009 quim
475 947 621 987 tanta
643 925 970 984 contumelia
985 944 1196 1004 accepta
1216 971 1232 993 ‚
1257 945 1412 983 caete-

47 1028 224 1065 tarum
237 1007 448 1067 vrbium
463 1006 760 1065 voluntates
775 1005 1016 1063 alienare.
1062 1005 1269 1062 Caeterfi
1288 1027 1412 1083 prae·

48 1085 236 1162 fidiatij
252 1105 308 1145 vt
321 1086 661 1146 circunfideri
674 1085 857 1144 vrbem
872 1085 1021 1143 videt
1036 1129 1054 1153 ‚
1071 1083 1268 1164 auxiiijs
1284 1089 1415 1142 vici-

48 1187 239 1225 narum
262 1167 471 1226 vrbium
509 1167 783 1246 desperatis
807 1186 936 1246 quas
972 1171 1029 1222 in
1046 1162 1228 1222 Caroli
1254 1183 1409 1243 pote-

44 1246 231 1304 statem
247 1246 439 1304 venisse
454 1266 518 1303 co
527 1263 825 1326 gnouerant
844 1289 862 1313 ‚
893 1244 991 1301 sese
1007 1243 1199 1301 dedere
1215 1246 1410 1301 consti-

47 1326 462 1394 tuunttmaxirne
478 1324 629 1405 quod
648 1324 809 1382 castra
842 1329 1017 1403 regia,
1054 1345 1167 1380 non
1196 1321 1413 1381 alicuius

47 1405 284 1464 hominis
307 1410 528 1486 ingenio
551 1451 564 1473 ,
582 1423 739 1485 atque
759 1403 1013 1464 industria
1026 1408 1135 1482 regi
1153 1447 1170 1470 ,
1198 1401 1287 1460 sed
1313 1409 1413 1461 im-

49 1484 288 1543 mortalis
323 1486 411 1543 dei
432 1483 653 1543 consilio
689 1483 971 1564 gubernari
1002 1480 1276 1540 manifeste
1292 1503 1413 1561 per-

46 1567 323 1642 spicerent.
366 1570 551 1645 Itaque
566 1562 798 1623 concilio
813 1567 1038 1620 ciuitatis
1053 1565 1240 1619 coaCto
1270 1605 1283 1626 ,
1308 1561 1414 1640 pla-

49 1648 161 1702 cuit
186 1646 504 1724 Episcopum
521 1665 646 1702 cum
662 1637 977 1724 quibusdam
992 1638 1195 1700 ciuibus
1224 1641 1293 1698 ad
1308 1645 1410 1699 Ca-

46 1722 224 1781 rolurn
249 1730 574 1804 mitteretqui
588 1723 851 1803 oppidum
866 1726 913 1779 se
929 1726 977 1779 ei
990 1720 1307 1780 traditurum
1323 1743 1411 1802 pa-

49 1806 164 1862 Ctus
180 1806 334 1868 est,ea
348 1804 663 1862 conditione
677 1799 982 1883 interposita
997 1846 1015 1870 ,
1038 1820 1094 1859 vt
1108 1799 1298 1880 quibus
1316 1824 1412 1860 an-

49 1901 133 1940 tea
145 1883 349 1964 legibus
366 1882 456 1941 sub
471 1888 694 1943 Henrici
711 1881 1017 1963 Anglorum
1031 1886 1166 1961 regis
1181 1886 1408 1960 imperio

46 1962 473 2026 fiiiffent,eisdem
495 1969 654 2022 etiam
669 1961 918 2040 deinceps
940 1980 1232 2021 vterentur:
1277 1982 1407 2040 prae-

45 2040 264 2102 fidiariis
303 2042 557 2102 militibus
605 2041 815 2102 nullum
860 2039 925 2098 ab
971 2045 1203 2098 exercitu
1241 2039 1407 2099 detri-

48 2141 297 2180 mentum
321 2123 599 2182 inferretur
619 2144 632 2178 ι
659 2119 994 2202 liberumque
1019 2119 1118 2178 illis
1148 2119 1270 2178 effer
1307 2121 1408 2178 suis

48 2222 173 2262 cum
192 2202 343 2261 rebus
360 2202 634 2281 proficisci.
651 2207 754 2260 His
767 2201 987 2259 firmatis
1002 2199 1409 2258 conditionibus

50 2281 220 2362 Angli
235 2279 459 2341 sexcenti
473 2283 678 2373 optime
694 2286 849 2339 armis
860 2276 1218 2359 instrusti,ipfi
1235 2285 1290 2338 δε
1301 2299 1407 2354 eta-

52 2379 104 2419 te
134 2369 192 2420 &
218 2361 527 2441 corporibus
555 2364 768 2442 speetari
795 2359 1025 2419 maxime
1049 2366 1106 2418 δε
1135 2359 1406 2419 timetidi·

53 2446 178 2520 gni,
194 2449 251 2500 δε
268 2441 362 2501 nifi
386 2449 595 2501 animus
617 2448 688 2500 eis
717 2438 1050 2510 defuisset‚acl
1077 2461 1194 2498 earn
1214 2439 1406 2499 vrbem

49 2520 304 2580 tuendam
319 2522 557 2602 praeclate
571 2521 778 2592 idonei,
798 2519 926 2581 vrbe
940 2537 1148 2579 exeunt.
1213 2522 1317 2578 His
1332 2523 1407 2577 ita

1309 2621 1406 2681 ge?
