1560 2917
34 83 96 136 28
355 93 1115 144 Avnnthzvnnxs,

32 177 191 236 nistra
205 197 263 234 ac
279 173 462 233 dextra
478 174 894 242 tentare,infens1
910 176 1288 246 adeffe‚instare
1310 197 1391 237 at·

32 279 138 336 que
152 255 402 315 ommbus
415 255 545 312 locis
566 255 807 314 Aurelios
825 255 1118 314 coturbare:
1135 259 1289 315 facies
1305 277 1391 314 [ον

32 344 134 394 tius
149 339 350 415 negotlj
365 339 503 392 vatia
517 380 536 404 ,
560 340 778 404 incerta,
794 335 941 393 foeda
955 356 1110 417 atque
1126 337 1391 395 miserabi-

30 415 111 474 lis.
125 414 349 494 Disperii
372 419 398 471 {1
415 417 513 473 suis
527 436 641 495 pars
659 414 950 489 cedere‚alij
974 419 1195 496 insequi,
1218 438 1390 496 neque

32 493 378 577 figna,neque
392 495 606 552 ordines
621 494 1004 553 obseruarezvbi
1018 518 1285 577 quemque
1299 518 1392 575 pe-

30 573 199 632 riculu
216 593 425 652 ceperat
437 617 451 638 ‚
469 573 542 632 ibi
556 574 780 633 resistere
798 596 856 633 ac
871 578 1167 655 propulsare
1188 600 1199 633 ε
1225 598 1390 645 arma,

30 654 401 734 tela,equi,viri
420 656 617 723 ,hostes
635 674 793 737 atque
819 661 958 712 ciues
976 657 1205 735 permisti
1223 700 1236 719 ‚
1255 655 1390 713 nihil

31 734 254 792 consilio
272 756 445 815 neque
467 740 692 814 imperio
717 743 833 816 agi,
861 736 970 793 fors
985 742 1170 793 omnia
1191 756 1390 815 regere.

27 819 214 895 ltaque
232 814 462 873 multum
478 812 580 873 diei
596 816 902 894 procefferat
917 859 931 878 ,
955 813 1077 873 cum
1100 819 1256 872 etiam
1276 835 1394 872 turn

30 913 252 952 euentus
280 899 333 951 in
359 899 565 953 incerto
580 914 702 955 erat.
735 900 989 974 Denique
1003 893 1258 952 omnibus
1275 917 1395 951 mo-

31 974 113 1031 dis
128 973 307 1031 labore
323 981 380 1031 &
397 977 518 1032 aestu
534 973 800 1054 languidis
819 974 1060 1051 Aurelijs‚
1080 975 1393 1031 Sanseuerus

29 1053 120 1111 vbi
136 1054 283 1111 videt
305 1058 390 1112 An
398 1052 512 1133 glos
530 1057 714 1112 instare
730 1052 1183 1132 mim⁸15‚pauiatim
1202 1053 1394 1113 milites

29 1140 86 1191 in
104 1156 272 1191 vnum
297 1134 570 1193 conducit,
588 1134 803 1192 ordines
821 1132 1213 1199 restituit,s11nul
1229 1139 1284 1192 δε
1302 1154 1396 1190 co·
1456 1152 1459 1155 ⁴

31 1214 211 1272 horres
227 1236 343 1292 quae
365 1220 420 1271 in
448 1214 757 1272 stationibus
773 1233 919 1271 erant
941 1259 958 1283 ‚
981 1219 1038 1272 in
1059 1235 1173 1269 eam
1191 1233 1395 1292 partem

33 1292 292 1372 proficisci
308 1292 474 1360 iubet,
491 1316 659 1362 orare,
683 1300 736 1351 &
756 1295 951 1350 hortati
968 1293 1157 1350 milites
1181 1316 1249 1351 ne
1263 1292 1397 1350 defi-

33 1393 215 1430 cerent
238 1383 440 1431 animo,
460 1376 579 1432 Nec
596 1372 875 1432 Lz'tcelotus
893 1373 1087 1446 Lisseus
1103 1377 1194 1453 qui
1214 1371 1399 1452 Anglo

32 1475 152 1511 rum
171 1458 336 1532 copijs
353 1452 624 1532 praefectus
640 1471 769 1521 erat,
785 1452 1006 1532 quidem
1030 1459 1229 1509 interea
1251 1462 1402 1532 quie-

35 1551 119 1590 tus
135 1552 262 1601 erat,
278 1537 518 1601 circuire,
535 1534 754 1601 hortati,
778 1553 1035 1589 renouare
1053 1531 1313 1609 praelium,
1339 1538 1398 1590 δε

35 1614 140 1690 ipse
154 1633 279 1671 cum
296 1610 511 1669 delenitis
533 1631 735 1676 tentare
751 1617 938 1670 omnia
951 1656 969 1680 ,
987 1609 1260 1671 subuenire
1279 1615 1400 1681 suis,

35 1691 275 1750 hostibus
292 1690 463 1767 dubijs
478 1690 924 1770 instatetdenique
938 1692 1121 1748 arniffo
1141 1690 1265 1748 loco
1287 1696 1402 1749 An-

36 1770 112 1852 gli
127 1770 224 1828 fufi
242 1769 515 1850 fugatique
534 1815 549 1837 ,
566 1770 815 1848 permulti
836 1775 1079 1830 interiere
1095 1816 1111 1838 ,
1129 1769 1402 1849 plerosque

36 1851 288 1909 velocitas
315 1870 478 1909 tutata
503 1852 575 1908 est
597 1874 613 1912 2·
639 1873 705 1906 eo
727 1851 814 1907 die
840 1849 1030 1908 milites
1056 1850 1256 1926 Aurelij
1286 1852 1402 1909 sunt

37 1931 199 1989 multi
212 1928 504 1988 desiderati.
530 1931 839 1990 Sanseuerus
863 1936 1129 1989 concione
1143 1930 1405 1994 aduocata

36 2016 387 2070 temeritatem
406 2008 864 2090 cupiditatemque
880 2008 1111 2070 militum
1127 2012 1403 2089 reprehen-

40 2090 121 2149 dit
137 2137 154 2160 ‚
175 2091 327 2171 quod
351 2088 826 2150 fibiiudicauiffent
853 2089 964 2169 quo
993 2090 1401 2168 procedendum

38 2190 129 2238 aut
146 2169 286 2251 quid
310 2168 582 2249 agendum
610 2168 907 2232 videretur,
931 2191 1105 2249 neque
1126 2171 1154 2228 ὲ
1177 2168 1402 2228 tribunis

42 2250 276 2314 militum
292 2254 504 2308 retineri
532 2247 845 2327 potuissentz
872 2270 1201 2329 quantopere
1216 2272 1403 2308 eorum

43 2328 658 2409 animimagnitudinem
675 2328 1037 2391 admiraretur,
1053 2349 1328 2408 tantopere
1342 2329 1407 2387 li-

44 2417 279 2470 centiam
301 2408 765 2490 arrogantiamque
790 2410 1171 2489 reprehendere
1203 2433 1215 2466 :
1250 2409 1406 2487 quod

46 2489 162 2579 plus
177 2495 225 2555 se
239 2489 402 2575 quam
420 2489 581 2555 duces
601 2488 669 2553 de
690 2496 832 2555 exitu
845 2511 1021 2550 rerum
1036 2493 1221 2551 sentire
1236 2491 1407 2547 existi-

1197 2587 1404 2632 matent
